@book{TC03,
  title={Financial modelling with jump processes},
  author={Tankov, Peter and Cont, Rama},
  year={2003},
  publisher={CRC press}
}
   
@book{Bac00,
  title={Th{\'e}orie de la sp{\'e}culation},
  author={Bachelier, Louis},
  year={1900},
  publisher={Gauthier-Villars}
}

@book{Kyp06,
  title={Introductory lectures on fluctuations of L{\'e}vy processes with applications},
  author={Kyprianou, Andreas},
  year={2006},
  publisher={Springer Science \& Business Media}
}

@article{Pap08,
  title={An introduction to L$\backslash$'$\{$e$\}$ vy processes with applications in finance},
  author={Papapantoleon, Antonis},
  journal={arXiv preprint arXiv:0804.0482},
  year={2008}
}

@book{Sat99,
  title={L{\'e}vy processes and infinitely divisible distributions},
  author={Sato, Ken-iti},
  year={1999},
  publisher={Cambridge university press}
}

@article{BS73,
  title={The pricing of options and corporate liabilities},
  author={Black, Fischer and Scholes, Myron},
  journal={Journal of political economy},
  volume={81},
  number={3},
  pages={637--654},
  year={1973},
  publisher={The University of Chicago Press}
}

@misc{Sch03,
  title={Levy Processes in Finance},
  year={2003},
  author={Schoutens, Wim},
  publisher={Wiley: New York}
}

@article{G+94,
  title={Option pricing by Esscher transforms},
  author={Gerber, Hans U and Shiu, Elias SW and others},
  journal={Transactions of the Society of Actuaries},
  volume={46},
  number={99},
  pages={140},
  year={1994}
}

@article{Mer76,
  title={Option pricing when underlying stock returns are discontinuous},
  author={Merton, Robert C},
  journal={Journal of financial economics},
  volume={3},
  number={1-2},
  pages={125--144},
  year={1976},
  publisher={Elsevier}
}

@book{Miy11,
  title={Option pricing in incomplete markets: Modeling based on geometric L{\'e}vy processes and minimal entropy martingale measures},
  author={Miyahara, Yoshio},
  volume={3},
  year={2011},
  publisher={World Scientific}
}

@article{Kou02,
  title={A jump-diffusion model for option pricing},
  author={Kou, Steven G},
  journal={Management science},
  volume={48},
  number={8},
  pages={1086--1101},
  year={2002},
  publisher={INFORMS}
}

